<?xml version="1.0" encoding="UTF-8"?><collection xmlns="http://www.loc.gov/MARC21/slim"><record><leader>00325nam--2200121-i-4500</leader><controlfield tag="001">000019134</controlfield><controlfield tag="002">20161230</controlfield><controlfield tag="005">20161230201033</controlfield><controlfield tag="008">060222s1000------------r-----000-0-eng-d</controlfield><datafield ind1=" " ind2=" " tag="080"><subfield code="a">621.039.577:621.039</subfield></datafield><datafield ind1=" " ind2=" " tag="245"><subfield code="a">Energetyka, jadrowa</subfield></datafield><datafield ind1=" " ind2=" " tag="260"><subfield code="a">Warszawa, Osrodek Informacji O Energii Jadrowej, 1968. Vi + 197 P</subfield></datafield><datafield ind1=" " ind2=" " tag="852"><subfield code="a">31053</subfield></datafield></record></collection>